@Article{Intro,
  author =	 {Yoon, B.-J.},
  title =	 {Hidden Markov Models and their Applications in Biological Sequence Analysis},
  journal =	 {Current Genomics},
  year =	 2009,
  volume =	 {10},
  pages =	 {402-415}
}

@Article{MM,
  author =	 {Mikl√≥s, I. and Meyer, I.},
  title =	 {A linear algorithm for Baum-Welch training},
  journal =	 {BMC Bioinformatics},
  year =	 2005,
  volume =	 {6},
  pages =	 {231}
}

@Article{Ch,
  author =	 {Churbanov, A. and Winters-Hilt, S.},
  title =	 {Implementing EM and Viterbi algorithms for Hidden Markov Model in linear memory},
  journal =	 {BMC Bioinformatics},
  year =	 2008,
  volume =	 {9},
  pages =	 {224}
}

@Article{LM,
  author =	 {Lam, T. Y and Meyer, I.},
  title =	 {Efficient algorithms for training the parameters of hidden Markov models using stochastic expectation maximization (EM) training and Viterbi training},
  journal =	 {Algorithms for Molecular Biology},
  year =	 2010,
  volume =	 {5},
  pages =	 {38}
}

@Book{Durbin,
  author = {Durbin, R. and Eddy, S. and Krogh, A. and Mitchison, G.},
  title = {Biological sequence analysis},
  publisher = {Cambridge University Press},
  year = {1998}
}